@article{lundblad2005perceptions,
  title={Perceptions of school toilets as a cause for irregular toilet habits among schoolchildren aged 6 to 16 years},
  author={Lundblad, Barbro and Hellstr{\"o}m, Anna-Lena},
  journal={Journal of School Health},
  volume={75},
  number={4},
  pages={125--128},
  year={2005},
  publisher={Wiley Online Library}
}
