@phdthesis{rawls1988restroom,
  title={Restroom usage in selected public buildings and facilities: A comparison of females and males},
  author={Rawls, Sandra K},
  year={1988},
  school={Virginia Polytechnic Institute and State University}
}